%BROWNIAN MOTION AND ATOMIC THEORY
@book{Katopodes2018,
  title={Free-Surface Flow:: Shallow Water Dynamics},
  author={Katopodes, Nikolaos D},
  year={2018},
  publisher={Butterworth-Heinemann}
}

@book{Rapp2022,
  title={Microfluidics: Modeling, Mechanics and Mathematics},
  author={Rapp, Bastian E},
  year={2022},
  publisher={Elsevier}
}

@book{Einstein1956,
	title = "{Investigations on the Theory of the Brownian Movement} (Translated by A.D. Cowper)",
	editor = "Furth, R",
	publisher = "Dover",
	year = "1956",
	author = "Einstein, Albert",
	}

@book{Perrin1910,
	title = "{Brownian Movement and Molecular Reality (Translated from the 1909 8th Series of \textit{Annales De Chimie et de Physique} by F. Soddy)}",
	author = "Perrin, Jean",
	year = "1910",
	publisher = "Taylor and Francis",
	}

@book{Nye1972,
  title="{Molecular reality: A perspective on the scientific work of Jean Perrin}",
  author={Nye, Mary Jo},
  year={1972},
  publisher={American Elsevier Inc: New York},
}


@article{Langevin1908,
  title={On the Theory of Brownian Motion (Translated by Don S. Lemons and Anthony Gythiel from ``Sur la Th{\'e}orie du Mouvement Brownien,'' Fr. Acad. Sci. (Paris) 146, 530--533 (1908))},
  author={Langevin, Paul},
  journal={American Journal of Physics},
  volume={65},
  number={11},
  pages={1079--1081},
  year={1997},
}

@article{OrnsteinUhlenbeck1930,
  title={On the theory of the Brownian motion},
  author={Uhlenbeck, George E. and Ornstein, Leonard S.},
  journal={Physical Review},
  volume={36},
  number={5},
  pages={823},
  year={1930},
}

@article{Doob1942,
  title={The Brownian Movement and Stochastic Equations},
  author={Doob, Joseph L},
  journal={Annals of Mathematics},
  pages={351--369},
  year={1942},
}

@book{Arfken2001,
  title={Mathematical Methods for Physicists (5th Edition)},
  author={Arfken, George B. and Weber, Hans J.},
  publisher={Harcourt Academic Press},
  year={2001},
}

@article{Chandrasekhar1943,
  title={Stochastic Problems in Physics and Astronomy},
  author={Chandrasekhar, Subrahmanyan},
  journal={Reviews of Modern Physics},
  volume={15},
  number={1},
  pages={1},
  year={1943},
}

@book{Nelson1967,
  title={Dynamical Theories of Brownian Motion},
  author={Nelson, Edward},
  volume={3},
  year={1967},
  publisher={Princeton University Press},
}

@book{Gardiner1983,
	title = {Handbook of Stochastic Methods for Physics, Chemistry and the Natural Sciences},
	author = {Gardiner, C. W.},
	year = {1983},
	publisher = {Springer},
	}
	
@book{Mazo2002,
  title={Brownian Motion: Fluctuations, Dynamics, and Applications},
  author={Mazo, Robert M.},
  year={2002},
  publisher={Oxford University Press},
}

@book{Coffey2004,
  title={The Langevin Equation: With Applications to Stochastic Problems in Physics, Chemistry, and Electrical Engineering},
  author={Coffey, William and Kalmykov, Yu P. and Waldron, J. T.},
  volume={14},
  year={2004},
  publisher={World Scientific},
}

@book{Munson2009,
	title = {Fundamentals of Fluid Mechanics (6th Edition)},
	author = {Munson, Bruce R. and Young, Donald F. and Okiishi, Theodore H. and Huebsch, Wade W.},
	year = {2009},
	publisher = {John Wiley \& Sons, Inc.},
	}

@article{vanFraassen2009,
  title={The Perils of Perrin, In the Hands of Philosophers},
  author={Van Fraassen, Bas C},
  journal={Philosophical Studies},
  volume={143},
  number={1},
  pages={5--24},
  year={2009},
}

@article{Chalmers2011,
  title={Drawing Philosophical Lessons from Perrin?s Experiments on Brownian Motion: A Response to van Fraassen},
  author={Chalmers, Alan},
  journal={The British Journal for the Philosophy of Science},
  volume={62},
  number={4},
  pages={711--732},
  year={2011},
}

@incollection{Psillos2014,
  title={The View from Within and the View from Above: Looking at van Fraassen's Perrin},
  author={Psillos, Stathis},
  booktitle={Bas van Fraassen's Approach to Representation and Models in Science},
  editor = {Gonzalez, Wenceslao J.},
  year={2014},
  publisher={Springer},
}

@article{Stein2021,
  title={Physics and Philosophy Meet: The Strange Case of Poincar{\'e}},
  author={Stein, Howard},
  journal={Foundations of Physics},
  volume={51},
  number={3},
  pages={1--24},
  year={2021},
}

%MAYO ERROR-STATISTICAL

@article{Fletcher2020,
  title={Of War or Peace? Essay Review of Statistical Inference as Severe Testing},
  author={Fletcher, Samuel C.},
  journal={Philosophy of Science},
  volume={87},
  number={4},
  year={2020},
}

@article{Mayo1997,
  title="{Duhem's Problem, The Bayesian way, and Error Statistics, Or " What's belief got to do with It?"}",
  author={Mayo, Deborah G.},
  journal={Philosophy of Science},
  volume={64},
  number={2},
  pages={222--244},
  year={1997},
}

@book{Corfield2001,
  title={Foundations of Bayesianism},
  author={Corfield, David and Williamson, Jon (Eds.)},
  volume={24},
  series={Applied Logic Series},
  year={2001},
  publisher={Springer},
}

@incollection{MayoKruse2001,
  title ={Principles of Inference and their Consequences},
  author = {Mayo, Deborah G. and Kruse, Michael},
  booktitle = {Foundations of Bayesianism},
  editor = {Corfield, David and Williamson, Jon},
  year = {2001},
  publisher= {Springer},
}

@article{Mayo2014b,
  title={{On the Birnbaum Argument for the Strong Likelihood Principle}},
  author={Mayo, Deborah G.},
  journal={Statistical Science},
  volume={29},
  number={2},
  pages={227--239},
  year={2014},
}

@article{Fletcher2019,
  title={Stopping Rules as Experimental Design},
  author={Fletcher, Samuel C.},
  journal={European Journal for Philosophy of Science},
  volume={9},
  number={2},
  pages={1--20},
  year={2019},
}

@incollection{FletcherMayoWilson2022,
  title={Evidence in Classical Statistics},
  author={Fletcher, Samuel C. and Mayo-Wilson, Conor},
  year={forthcoming},
  editor = {Lasonen-Aarnio, Maria and Littlejohn, Clayton},
  booktitle = {Routledge Handbook of the Philosophy of Evidence},
  note = {Preprint available online at \url{http://philsci-archive.pitt.edu/16191/1/Evidence_in_Classical_Statistics%20%286%29.pdf} Retrieved on 10/25/2021},
  publisher = {Routledge},
  }

@book{Mayo2018,
  title={Statistical Inference as Severe Testing: How to Get Beyond the Statistics Wars},
  author={Mayo, Deborah G.},
  year={2018},
  publisher={Cambridge University Press},
  }

@book{Mayo1996,
  title="{Error and the Growth of Experimental Knowledge}",
  author={Mayo, Deborah G.},
  year={1996},
  publisher={University of Chicago Press},
}

%EPISTEMOLOGY

@book{PritchardNeta2020,
  title={Arguing about Knowledge},
  author={Pritchard, Duncan and Neta, Ram},
  year={2020},
  publisher={Routledge}
}

@book{Williamson2000,
  title={Knowledge and Its Limits},
  author={Williamson, Timothy},
  year={2000},
  publisher={Oxford University Press},
}

@article{Joyce2004,
  title={Williamson on Evidence and Knowledge},
  author={Joyce, Jim},
  journal={Philosophical Books},
  volume={45},
  number={4},
  year={2004},
}

@incollection{Brown2015,
  title={Evidence and Epistemic Evaluation},
  author={Brown, Jessica},
  booktitle={Oxford Studies in Epistemology Vol. 5},
  year = {2015},
  editor = {Gendler, Tamar Szab\'{o} and Hawthorne, John},
  publisher = {Oxford University Press},
}

@book{Locke1690,
	title={An Essay Concerning Human Understanding},
	author={Locke, John},
	year={1690},
	publisher={Oxford University Press},
	note = "1975 text edited by P. H. Nidditch",
	}

@book{Berkeley1710,
	title={A Treatise Concerning the Principles of Human Knowledge},
	author={Berkeley, George},
	year={1710},
	publisher ={Oxford University Press},
	note = "1998 text edited by Jonathan Dancy",
	}

@book{Hume1739,
	title={Treatise on Human Nature},
	author={Hume, David},
	year={1739},
	publisher={Oxford University Press},
	note = "2000 text edited by David Norton and Mary Norton",
	}

@book{Hume1748,
	title={An Enquiry Concerning Human Understanding},
	author={Hume, David},
	year={1748},
	publisher={Oxford University Press},
	note = "1999 text edited by T. Beauchamp",
	}


%EXPERIMENTALISM
@article{Franklin2015,
  title="{The Theory-Ladenness of Experiment}",
  author={Franklin, Allan},
  journal="{Journal for General Philosophy of Science}",
  volume={46},
  number={1},
  pages={155--166},
  year={2015},
}


@book{Salmon1984,
  title={Scientific Explanation and the Causal Structure of the World},
  author={Salmon, Wesley C.},
  year={1984},
  publisher={Princeton University Press},
}

@book{Galison1997,
	title = "Image and Logic: A Material Culture of Microphysics",
	author = "Galison, Peter",
	publisher = "The University of Chicago Press",
	year = "1997",
	}

@book{Galison1987,
	title = "{How Experiments End}",
	author = "Galison, Peter",
	publisher = "The University of Chicago Press",
	year = "1987",
	}
	
@article{Franklin1981,
  title="{What Makes a 'good' experiment?}",
  author={Franklin, Allan},
  journal={The British Journal for the Philosophy of Science},
  volume={32},
  number={4},
  pages={367--374},
  year={1981},
}

@article{Franklin1984Review,
  title="{The Epistemology of Experiment}",
  author={Franklin, Allan},
  journal="{The British Journal for the Philosophy of Science}",
  volume={35},
  number={4},
  pages={381--401},
  year={1984},
}

@article{Franklin1984,
  title="{Are paradigms Incommensurable?}",
  author={Franklin, Allan},
  journal="{The British Journal for the Philosophy of Science}",
  volume={35},
  number={1},
  pages={57--60},
  year={1984},
}

@article{Ackermann1989,
  title="{The New Experimentalism}",
  author={Ackermann, Robert},
  journal="{The British Journal for the Philosophy of Science}",
  volume={40},
  number={1},
  pages={185--190},
  year={1989},
}

@InCollection{Franklin2019,
	author       =	{Franklin, Allan and Perovic, Slobodan},
	title        =	"{{Experiment in Physics}}",
	booktitle    =	"{The {Stanford} Encyclopedia of Philosophy}",
	editor       =	{Edward N. Zalta},
	year         =	{2019},
	publisher    =	{Metaphysics Research Lab, Stanford University}
}

@article{Sher2017,
  title="{Truth and Scientific Change}",
  author={Sher, Gila},
  journal={Journal for General Philosophy of Science},
  volume={48},
  number={3},
  pages={371--394},
  year={2017},
}


@InCollection{Bogen2020,
	author       =	{Bogen, James},
	title        =	{{Theory and Observation in Science}},
	booktitle    =	{The {Stanford} Encyclopedia of Philosophy},
	editor       =	{Edward N. Zalta},
	year         =	{2020},
	edition      =	{Summer 2020},
	publisher    =	{Metaphysics Research Lab, Stanford University},
}

@InCollection{Holger2017,
	author       =	{Andreas, Holger},
	title        =	{{Theoretical Terms in Science}},
	booktitle    =	{The {Stanford} Encyclopedia of Philosophy},
	editor       =	{Edward N. Zalta},
	year         =	{2017},
	edition      =	{Fall 2017},
	publisher    =	{Metaphysics Research Lab, Stanford University},
}

@article{Chang2001a,
  title="{How to Take Realism beyond Foot-Stamping}",
  author={Chang, Hasok},
  journal={Philosophy},
  volume={76},
  number={295},
  pages={5--30},
  year={2001},
}

@book{Franklin1989,
  title="{The Neglect of Experiment}",
  author={Franklin, Allan},
  year={1989},
  publisher={Cambridge University Press},
}

@article{WoodwardBogen1988,
  title="{Saving the Phenomena}",
  author={Bogen, James and Woodward, James},
  journal="{The Philosophical Review}",
  volume={97},
  number={3},
  pages={303--352},
  year={1988},
}

@book{Hacking1983,
  title ="{Representing and Intervening}",
  author ={Hacking, Ian},
  year = {1983},
  publisher= "{Cambridge University Press}",
}

@book{Hacking1965,
  title={Logic of Statistical Inference},
  author={Hacking, Ian},
  year={1965},
  publisher={Cambridge University Press},
  note={New edition published in 2016}, 
}

@article{vanFraasen2001,
  title={Constructive Empiricism Now},
  author={Van Fraassen, Bas},
  journal={Philosophical Studies},
  volume={106},
  pages={151--170},
  year={2001},
}

@article{Woodward1989,
  title = {Data and Phenomena},
  author = {Woodward, James},
  journal = {Synthese},
  pages = {393--472},
  year = {1989},
}

@article{Woodward2011,
  title={Data and phenomena: a restatement and defense},
  author={Woodward, James},
  journal={Synthese},
  volume={182},
  number={1},
  pages={165--179},
  year={2011},
}

@article{Douven2006,
  title = "{Bootstrap Confirmation made Quantitative}",
  author = {Douven, Igor and Meijs, Wouter},
  journal = {Synthese},
  volume = {149},
  number = {1},
  pages = {97--132},
  year = {2006},
  publisher = {Springer},
}
%This is good for understanding Glymour's bootstrapping.


%ACHINSTEIN

@book{Achinstein2010,
  title = "{Evidence, Explanation, and Realism: Essays in Philosophy of Science}",
  author = {Achinstein, Peter},
  year = {2010},
  publisher = {Oxford University Press},
}


@book{Achinstein2005,
  title = "{Scientific Evidence: Philosophical Theories and Applications}",
  author = {Achinstein, Peter (Eds.)},
  year = {2005},
  publisher = {The John Hopkins University Press},
}


@article{Logins2020,
  title = {Is an increase in probability always an increase in evidential support?},
  author = {Logins, Art{\=u}rs},
  journal = {Erkenntnis},
  pages = {1--25},
  year = {2020},
}

@article{Achinstein2002,
  title={Is There a Valid Experimental Argument for Scientific Realism?},
  author={Achinstein, Peter},
  journal={The Journal of Philosophy},
  volume={99},
  number={9},
  pages={470--495},
  year={2002},
}

@incollection{Psillos2011,
  title={Making Contact with Molecules: On Perrin and Achinstein},
  author={Psillos, Stathis},
  booktitle={Philosophy of Science Matters: The Philosophy of Peter Achinstein},
  editor={Morgan, Gregory J.},
  year={2011},
  publisher={Oxford University Press},
}


%ROUSH

@book{Roush2005,
  title="{Tracking Truth: Knowledge, Evidence, and Science}",
  author={Roush, Sherrilyn},
  year={2005},
  publisher={Oxford University Press},
}


@article{Bogen2007,
  title="{Review: Tracking Truth by Sherrilyn Roush}",
  author={Bogen, Jim},
  journal={Mind},
  volume={116},
  number={462},
  pages={472--478},
  year={2007},
}

%FORMAL EPISTEMOLOGY

@book{Carnap1962,
	title = "Logical Foundations of Probability",
	author = "Carnap, Rudolf",
	year = "1962",
	publisher = "The University of Chicago Press",
	}

@book{Skyrms1984,
	title = "Pragmatism and Empiricism",
	author = "Skyrms, Brian",
	year = "1984",
	publisher = "Yale University Press",
	}

@book{Achinstein2001,
  title = {The Book of Evidence},
  author = {Achinstein, Peter},
  year = {2001},
  publisher = {Oxford University Press}
}

@book{Good1950,
  title = "{Probability and the Weighing of Evidence}",
  author = {Good, I. J.},
  year = {1950},
  publisher = {Charles Griffin \& Company Limited},
}
%just go here for the reference to Fisher that Likelihood was introduced in order to avoid using Bayes' theorem. This is on p. 62. "P(E | H) may be called the likelihood of H given E. The term was introduced by R. A. Fisher with the object of avoiding the use of Bayes' theorem." Corroborate this with Sober's account. This is relevant for the catch-all hypothesis which inflicts Bayesianism but not likelihoodism.

@article{Good1956,
  title="{Which Comes First, Probability or Statistics?}",
  author={Good, Irving John},
  journal={Journal of the Institute of Actuaries (1886-1994)},
  volume={82},
  number={2},
  pages={249--255},
  year={1956},
}

@article{Griffin1992,
  title="{The Weighing of Evidence and the Determinants of Confidence}",
  author={Griffin, Dale and Tversky, Amos},
  journal={Cognitive psychology},
  volume={24},
  number={3},
  pages={411--435},
  year={1992},
}

%STATISTICAL APPROACHES

@book{Royall1997,
  title = "{Statistical Evidence: A Likelihood Paradigm}",
  author = {Royall, Richard},
  volume={71},
  year={1997},
  publisher={Chapman \& Hall},
}

@article{Kass2011,
  title={{Statistical Inference: The Big Picture}},
  author={Kass, Robert E.},
  journal={Statistical Science},
  volume={26},
  number={1},
  pages={1},
  year={2011},
}

@book{Jeffreys1961,
  title={The Theory of Probability},
  author={Jeffreys, Harold},
  year={1961},
  publisher={Oxford University Press}
}

@article{Kass1995,
  title={Bayes Factors},
  author={Kass, Robert E and Raftery, Adrian E},
  journal={Journal of the American Statistical Association},
  volume={90},
  number={430},
  pages={773--795},
  year={1995}
}

@article{1995OHagan,
  title={Fractional Bayes factors for Model Comparison},
  author={O'Hagan, Anthony},
  journal={Journal of the Royal Statistical Society: Series B (Methodological)},
  volume={57},
  number={1},
  pages={99--118},
  year={1995},
  publisher={Wiley Online Library}
}

@article{ReidCox2015,
  title={{On Some Principles of Statistical Inference}},
  author={Reid, Nancy and Cox, David R.},
  journal={International Statistical Review},
  volume={83},
  number={2},
  pages={293--308},
  year={2015},
}

@book{Gregory2005,
  title={Bayesian Logical Data Analysis for the Physical Sciences: A Comparative Approach with Mathematica{\textregistered} Support},
  author={Gregory, Phil},
  year={2005},
  publisher={Cambridge University Press},
}

@article{Berger2006,
author = {James Berger},
title = {{The Case for Objective Bayesian Analysis}},
volume = {1},
journal = {Bayesian Analysis},
number = {3},
pages = {385 -- 402},
year = {2006},
}


@article{Edwards1963,
  title={Bayesian Statistical Inference for Psychological Research.},
  author={Edwards, Ward and Lindman, Harold and Savage, Leonard J},
  journal={Psychological review},
  volume={70},
  number={3},
  pages={193},
  year={1963},
  publisher={American Psychological Association},
}

@article{deFinneti1974,
  title={Bayesianism: Its Unifying Role for Both the Foundations and Applications of Statistics},
  author={De Finetti, Bruno},
  journal={International Statistical Review/Revue Internationale de Statistique},
  pages={117--130},
  year={1974},
}

@book{OHagan2004,
  title={Kendall's Advanced Theory of Statistics, Volume 2B: Bayesian Inference},
  author={O'Hagan, Anthony and Forster, Jonathan},
  year={2004},
  publisher={Arnold},
  note = "Second Edition",
}

@article{Interplay2016,
  title={The Interplay Between Subjectivity, Statistical Practice, and Psychological Science},
  author={Rouder, Jeffrey N. and Morey, Richard D. and Wagenmakers, Eric-Jan},
  journal={Collabra},
  volume={2},
  number={1},
  year={2016},
}

@book{EfronHastie2016,
  title={Computer Age Statistical Inference: Algorithms, Evidence, and Data Science},
  author={Efron, Bradley and Hastie, Trevor},
  year={2016},
  publisher={Cambridge University Press},
}

@article{Mayo2000,
  title={Experimental Practice and an Error Statistical Account of evidence},
  author={Mayo, Deborah G.},
  journal={Philosophy of Science},
  volume={67},
  pages={S193--S207},
  year={2000},
}

@article{GelmanShalizi2013,
  title={Philosophy and the Practice of Bayesian Statistics},
  author={Gelman, Andrew and Shalizi, Cosma Rohilla},
  journal={British Journal of Mathematical and Statistical Psychology},
  volume={66},
  number={1},
  pages={8--38},
  year={2013},
}

@article{GelmanHennig2017,
  title={{Beyond Subjective and Objective in Statistics}},
  author={Gelman, Andrew and Hennig, Christian},
  journal={Journal of the Royal Statistical Society: Series A (Statistics in Society)},
  volume={180},
  number={4},
  pages={967--1033},
  year={2017}
}

@article{Good1971,
  title={46656 Varieties of Bayesians},
  author={Good, Irving John},
  journal={American Statistician},
  volume={25},
  number={5},
  pages={62},
  year={1971},
}

@article{Howson2017,
  title={Putting on the Garber Style? Better not},
  author={Howson, Colin},
  journal={Philosophy of Science},
  volume={84},
  number={4},
  pages={659--676},
  year={2017},
}


@book{Spanos2019,
  title={Probability Theory and Statistical Inference: Empirical Modeling with Observational Data},
  author={Spanos, Aris},
  year={2019},
  publisher={Cambridge University Press},
}

@incollection{Royall2004,
  title={The Likelihood Paradigm for Statistical Evidence},
  author={Royall, Richard},
  booktitle={The Nature of Scientific Evidence: Statistical, Philosophical and Empirical Considerations},
  year = {2004},
  editor = {Taper, Mark L. and Lele, Subhash R.},
  publisher = {The University of Chicago Press},
}

@incollection{ForsterSober2004,
  title={Why Likelihood?},
  author={Forster, Malcom and Sober, Elliott},
  booktitle={The Nature of Scientific Evidence: Statistical, Philosophical and Empirical Considerations},
  year = {2004},
  editor = {Taper, Mark L. and Lele, Subhash R.},
  publisher = {The University of Chicago Press}
}

@book{Taylor1997,
  title={Introduction to Error Analysis: The Study of Uncertainties in Physical Measurements},
  author={Taylor, John R.},
  publisher = {University Science Books},
  year={1997},
  notes = {Second Edition}
}

@incollection{MayoSpanos2011,
  title = {Error Statistics},
  author= {Mayo, Deborah G. and Spanos, Aris},
  booktitle = {Handbook of Philosophy of Science Vol. 7 Philosophy of Statistics},
  editor = {Bandyopadhya, Prasanta S. and Forster, Malcom R.},
  pages = {153--198},
  year = {2011},
  publisher = {Elsevier},
}

@article{MayoSpanos2006,
  title={Severe Testing as a Basic Concept in a Neyman--Pearson Philosophy of Induction},
  author={Mayo, Deborah G. and Spanos, Aris},
  journal={The British Journal for the Philosophy of Science},
  year={2006},
  publisher={The University of Chicago Press}
}

@book{Handbook2011,
	title = {Handbook of Philosophy of Science Vol. 7 Philosophy of Statistics},
	year = {2011},
	publisher = {Elsevier},
	author = {Bandyopadhya, Prasanta S. and Forster, Malcom R. (Eds.)},
	}

@book{BurnhamAnderson2002,
  title={Model selection and Multimodel Inference: A practical Information-theoretic Approach},
  author={Burnham, Kenneth P. and Anderson, David R.},
  year={2002},
  publisher={Springer New York},
}

@book{BernardoSmith2000,
  title={Bayesian Theory},
  author={Bernardo, Jos{\'e} M. and Smith, Adrian F. M.},
  year={2000},
  publisher={John Wiley \& Sons},
}

@article{Mayo2013a,
  title={Discussion: Bayesian methods: Applied? Yes. Philosophical defense? In flux},
  author={Mayo, Deborah G.},
  journal={The American Statistician},
  volume={67},
  number={1},
  pages={11--15},
  year={2013},
  publisher={Taylor \& Francis}
}

@article{Humble2013,
  title={The Humble Bayesian: Model Checking from a Fully Bayesian Perspective},
  author={Morey, Richard D. and Romeijn, Jan-Willem and Rouder, Jeffrey N.},
  journal={British Journal of Mathematical and Statistical Psychology},
  volume={66},
  number={1},
  pages={68--75},
  year={2013},
}

@article{PhilBF2016,
  title={The Philosophy of Bayes Factors and the Quantification of Statistical Evidence},
  author={Morey, Richard D. and Romeijn, Jan-Willem and Rouder, Jeffrey N.},
  journal={Journal of Mathematical Psychology},
  volume={72},
  pages={6--18},
  year={2016},
}

@incollection{Massimi2021,
  title={A Philosopher's Look at the Dark Energy Survey: Reflections on The Use of The Bayes Factor in Cosmology},
  author={Massimi, Michela},
  booktitle={The Dark Energy Survey: The Story of a Cosmological Experiment},
  pages={357--372},
  year={2021},
  publisher={World Scientific},
}

@book{Edwards1992,
  title = "{Likelihood: Expanded Edition}",
  author = {Edwards, A. W. F.},
  year={1992},
  publisher={The John Hopkins University Press},
}

@book{Barnett1999,
	title = "Comparative Statistical Inference",
	author = "Barnett, Vic",
	year = "1999",
	publisher = "John Wiley \& Sons, Ltd.",
	note = "Third Edition",
	}

@incollection{Weisberg2011,
  title={Varieties of Bayesianism},
  author={Weisberg, Jonathan},
  booktitle={Handbook of the History of Logic},
  volume={10},
  pages={477--551},
  year={2011},
  publisher = {Elsevier},
}


@article{Diaconis1980,
  title={Finite Exchangeable Sequences},
  author={Diaconis, Persi and Freedman, David},
  journal={The Annals of Probability},
  pages={745--764},
  year={1980},
}


@article{Roush2004,
  title="{Discussion Note: Positive Relevance Defended}",
  author={Roush, Sherrilyn},
  journal={Philosophy of Science},
  volume={71},
  number={1},
  pages={110--116},
  year={2004},
}

@article{Achinstein2004,
  title="{A Challenge to Positive Relevance Theorists: Reply to Roush}",
  author={Achinstein, Peter},
  journal={Philosophy of Science},
  volume={71},
  number={4},
  pages={521--524},
  year={2004},
}

@phdthesis{Fitelson2001,
  title={Studies in Bayesian Confirmation Theory},
  author={Fitelson, Branden},
  year={2001},
  school={The University of Wisconsin-Madison}
}

@phdthesis{Romeijn2005,
  title={Bayesian Inductive Logic: Inductive Predictions from Statistical Hypothesis},
  author={Romeijn, Jan-Willem},
  year={2005},
  school={University of Groningen}
}

@article{Fitelson2007,
  title = "{Likelihoodism, Bayesianism, and Relational Confirmation}",
  author = {Fitelson, Branden},
  journal = {Synthese},
  volume = {156},
  number = {3},
  pages = {473--489},
  year = {2007},
}

@article{Maher2005,
  title = "{Confirmation Theory}",
  author = {Maher, Patrick},
  journal = "{The Encyclopedia of Philosophy 2nd ed. Macmillan}",
  year = {2005},
}

@book{Sprenger2019,
  title={Bayesian Philosophy of Science},
  author={Sprenger, Jan and Hartmann, Stephan},
  year={2019},
  publisher={Oxford University Press},
}

@inproceedings{Sober2002,
  title ="{Bayesianism Its Scope and Limits}",
  author = {Sober, Elliott},
  booktitle = {Bayes' Theorem},
  editor = {Swinburne, Richard},
  volume = {Proceedings-British Academy},
  year = {2002},
}
%look at the downloaded version from Fitelson as well as the book review by Fitelson.

@inproceedings{Howson2002,
  title ="{Bayesianism in Statistics}",
  author = {Howson, Colin},
  editor = {Swinburne, Richard},
  booktitle = {Bayes's Theorem},
  volume = {Proceedings of the British Academy},
  year = {2002},
}

@book{Sober2008,
  title="{Evidence and Evolution: The Logic Behind the Science}",
  author={Sober, Elliott},
  year={2008},
  publisher={Cambridge University Press},
}


@article{Rouder2016,
  title={Is There a Free Lunch in Inference?},
  author={Rouder, Jeffrey N and Morey, Richard D and Verhagen, Josine and Province, Jordan M and Wagenmakers, Eric-Jan},
  journal={Topics in Cognitive Science},
  volume={8},
  number={3},
  pages={520--547},
  year={2016},
}

@article{Rouder2019,
  title={Teaching Bayes' theorem: Strength of Evidence as Predictive Accuracy},
  author={Rouder, Jeffrey N. and Morey, Richard D.},
  journal={The American Statistician},
  year={2019},
  volume ={73},
  issue = {2},
  pages = {186--190},
  }

@InCollection{Hawthorne2018,
	author       =	{Hawthorne, James},
	title        =	{{Inductive Logic}},
	booktitle    =	{The {Stanford} Encyclopedia of Philosophy},
	editor       =	{Edward N. Zalta},
	year         =	{2020},
	edition      =	{Fall 2020},
	publisher    =	{Metaphysics Research Lab, Stanford University},
}

@book{Earman1992,
  title= "{Bayes or Bust?: A Critical Examination of Bayesian Confirmation Theory}",
  author={Earman, John},
  year={1992},
  publisher={MIT Press},
}
%note: Bayesian: being, relating to, or involving statistical methods that assign probabilities or distributions to events (such as rain tomorrow) or parameters (such as a population mean) based on experience or best guesses before experimentation and data collection and that apply Bayes' theorem to revise the probabilities and distributions after obtaining experimental data.

@book{Jeffrey2004,
  title={Subjective Probability: The Real Thing},
  author={Jeffrey,Richard C.},
  publisher={Cambridge University Press},
  year={2004},
}

@book{Jeffrey1990,
  title={The Logic of Decision},
  author={Jeffrey,Richard C.},
  year={1990},
  publisher={University of Chicago press}
}

@book{Peterson2017,
  title={An Introduction to Decision Theory},
  author={Peterson, Martin},
  year={2017},
  publisher={Cambridge University Press},
}

@book{Glymour1980,
  title= "{Theory and Evidence}",
  author={Glymour, Clark},
  year={1980},
  publisher={Princeton University Press},
}

@inproceedings{Shimony1994,
  title="{Empirical and Rational Components in Scientific Confirmation}",
  author={Shimony, Abner},
  booktitle={Proceedings of the Biennial Meeting of the Philosophy of Science Association},
  volume={1994},
  number={2},
  pages={146--155},
  year={1994},
}

@article{Salmon1990a,
  title="{Rationality and Objectivity in Science or Tom Kuhn meets Tom Bayes}",
  author={Salmon, Wesley},
  journal={Scientific Theories},
  volume={14},
  pages={175--204},
  year={1990},
  publisher={University of Minnesota Press},
}

@inproceedings{Salmon1990b,
  title="{The Appraisal of Theories: Kuhn meets Bayes}",
  author={Salmon, Wesley},
  booktitle="{Proceedings of the Biennial Meeting of the Philosophy of Science Association}",
  volume={1990},
  number={2},
  pages={325--332},
  year={1990},
}


@article{Shimony1970,
  title={Statistical Inference},
  author={Shimony, Abner},
  journal={The Nature and Function of Scientific Theories},
  pages={79--172},
  year={1970}
}

@book{Good2012,
  title="{Common Errors in Statistics (and How to Avoid Them)}",
  author={Good, Phillip and Hardin, James W},
  year={2012},
  publisher={John Wiley \& Sons}
}

@book{Howson2006,
  title={Scientific Reasoning: the Bayesian approach},
  author={Howson, Colin and Urbach, Peter},
  year={2006},
  publisher={Open Court Publishing},
}

%REALISM DEBATE
@book{Maddy2007,
author 	= {Maddy, Penelope},
title 	= {{S}econd {P}hilosophy: {A} {N}aturalistic {M}ethod},
publisher = "Oxford University Press",
year = "2007",
}

@book{SmithSeth2020,
author 	= {Smith, George E. and Seth, Raghav},
title 	= {Brownian Motion and Molecular Reality: A Study in Theory-Mediated Measurement},
publisher = "Oxford University Press",
year = "2020",
}

@incollection{Psillos2018,
	author       =	{Psillos, Stathis},
	title        =	{{Realism and Theory Change in Science}},
	booktitle    =	{The {Stanford} Encyclopedia of Philosophy},
	editor       =	{Edward N. Zalta},
	year         =	{2018},
	publisher    =  {},
}

@book{Norton2021,
  title={The Material Theory of Induction},
  author={Norton, John D},
  year={2021},
  publisher={University of Calgary Press}
}

@article{Norton2003,
  title={A Material Theory of Induction},
  author={Norton, John D},
  journal={Philosophy of Science},
  volume={70},
  number={4},
  pages={647--670},
  year={2003},
  publisher={Cambridge University Press}
}

@book{Pettigrew2016,
  title={Accuracy and the Laws of Credence},
  author={Pettigrew, Richard},
  year={2016},
  publisher={Oxford University Press}
}

@article{Stanford2009,
  title="{Scientific Realism, The Atomic Theory, and The Catch-all Hypothesis: Can We Test Fundamental Theories Against All Serious Alternatives?}",
  author={Stanford, P. Kyle},
  journal={The British Journal for the Philosophy of Science},
  volume={60},
  number={2},
  pages={253--269},
  year={2009},
}

@article{Ruhmkorff2011,
  title={Some Difficulties for the Problem of Unconceived Alternatives},
  author={Ruhmkorff, Samuel},
  journal={Philosophy of Science},
  volume={78},
  number={5},
  pages={875--886},
  year={2011},
  publisher={University of Chicago Press Chicago},
}

@article{Chalmers2011,
  title="{Drawing Philosophical Lessons from Perrin's Experiments On Brownian motion: A Response to van Fraassen}",
  author={Chalmers, Alan},
  journal={The British Journal for the Philosophy of Science},
  volume={62},
  number={4},
  pages={711--732},
  year={2011},
}

@incollection{Gubelmann2019,
  title = {Scientifically Defending Realism II: Maddy's Piecemeal Realism},
  author = {Gubelmann, Reto},
  booktitle = {A Science-Based Critique of Epistemological Naturalism in Quine's Tradition},
  pages = {237--271},
  year = {2019},
  publisher = {Springer},
}

@incollection{Niiniluoto2007,
  title = "{Evaluation of Theories}",
  author = {Niiniluoto, Ilkka},
  booktitle = {General Philosophy of Science},
  pages = {175--217},
  year = {2007},
  publisher = {Elsevier},
}

@book{Einstein1916,
  author = {Einstein, Albert},
  title = {Relativity: The Special and General Theory (Translated by Robert W. Lawson)},
  publisher = "Pi Press (New York)",
  year = "1916",
  note = "This is a 2005 book with an introduction and commentary by Roger Penrose and Robert Geroch"
  }

@book{Kitcher1993,
  title={The Advancement of Science: Science without Legend, Objectivity without Illusions},
  author={Kitcher, Philip},
  year={1993},
  publisher={New York: Oxford University Press}
}

@book{Maddy1997,
  title={Naturalism in Mathematics},
  author={Maddy, Penelope},
  year={1997},
  publisher={Oxford University Press}
}

@incollection{Maddy2001b,
	author = "Maddy, Penelope",
	title = "{N}aturalism: {F}riend and {F}oes",
	booktitle = "Philosophical Perspective 15, Metaphysics 2001",
	editor = "Tomberlin, J.",
	year = "2001",
	pages = "37 - 67",
	}

@incollection{Laudan1984,
  	author = "Laudan, Larry",
  	title = "{E}xplaining the {S}uccess of {S}cience: {B}eyond {E}pistemic {R}ealism and {R}elativism",
  	booktitle = "Science and Reality",
  	editor = {Cushing, J. and Delaney, C.F. and Gutting, Gary},
  	year = "1984",
  	pages = "83 - 105",
}

@article{Vickers2013,
  title={A {C}onfrontation of {C}onvergent {R}ealism},
  author={Vickers, Peter},
  journal={Philosophy of Science},
  volume={80},
  number={2},
  pages={189--211},
  year={2013},
}

@incollection{Vickers2017,
  title={{H}istorical {C}hallenges to {R}ealism},
  author={Vickers, Peter},
  booktitle={The Routledge Handbook of Scientific Realism},
  pages={48--59},
  year={2017},
  publisher={Routledge}
}

@article{Stanford2000,
  title={{A}n {A}ntirealist {E}xplanation of {T}he {S}uccess of Science},
  author={Stanford, P Kyle},
  journal={Philosophy of Science},
  volume={67},
  number={2},
  pages={266--284},
  year={2000},
}

@article{Psillos2001,
  title={{P}redictive {S}imilarity and the {S}uccess of {S}cience: A {R}eply to {S}tanford},
  author={Psillos, Stathis},
  journal={Philosophy of Science},
  volume={68},
  number={3},
  pages={346--355},
  year={2001},
  }

@article{Stanford2003,
  title={No {R}efuge for {R}ealism: {S}elective {C}onfirmation and the {H}istory of {S}cience},
  author={Stanford, P Kyle},
  journal={Philosophy of Science},
  volume={70},
  number={5},
  pages={913--925},
  year={2003},
}

@article{Stanford2004,
  title={{R}eading Nature: {T}he {I}nterpretation of {S}cientific {T}heories},
  author={Stanford, P. Kyle},
  journal={The {O}xford {H}andbook of the {P}hilosophy of {S}cience},
  year={2004},
}

@book{Stanford2006,
  title={{E}xceeding our Grasp: Science, History, and The Problem of {U}nconceived {A}lternatives},
  author={Stanford, P Kyle},
  year={2006},
  publisher={Oxford University Press}
}

@article{Stanford2009a,
  title= "{Scientific Realism, The Atomic Theory, and The Catch-all Hypothesis: Can We Test Fundamental Theories Against All Serious Alternatives?}",
  author={Stanford, P Kyle},
  journal={The British Journal for the Philosophy of Science},
  volume={60},
  number={2},
  pages={253--269},
  year={2009},
}

@incollection{Stanford2021,
  title={{R}ealism, {I}nstrumentalism, {P}articularism: {A} {M}iddle {P}ath {F}orward in the {S}cientific {R}ealism {D}ebate},
  author={Stanford, P. Kyle},
  booktitle={Contemporary Scientific Realism: Challenges from the History of Science},
  year = {2021},
  editor = {Lyons, Timothy and Vickers, Peter},
  publisher = {Oxford University Press},
}

@incollection{Psillos2021,
  title={From the Evidence of History to the History of Evidence: Descartes, Newton, and Beyond},
  author={Psillos, Stathis},
  booktitle={Contemporary Scientific Realism: Challenges from the History of Science},
  year = {2021},
  editor = {Lyons, Timothy and Vickers, Peter},
  publisher = {Oxford University Press},
}

@incollection{Quine1976,
  title="{Posits and Reality}",
  author={Quine, W. V. O.},
  booktitle={{T}he {W}ays of {P}aradox and {O}ther {E}ssays},
  year={1976},
  pages={233--241},
  publisher ={Random House Inc.},
  note = {Originally published in 1955},
}


@article{Stanford2015a,
		title={{R}eading {N}ature: {R}ealist, {I}nstrumentalist, and {Q}uietist {I}nterpretations of {S}cientific {T}heories},
  		author={Stanford, P Kyle},
  		journal={{P}hysical {T}heory: {M}ethod and {I}nterpretation},
  		pages={94--126},
  		year= {2015a},
}

@book{Leplin1984,
  title={{S}cientific {R}ealism},
  author={Leplin, Jarrett},
  volume={323},
  year={1984},
  publisher={University of California Press}
}


@article{Stanford2015b,
  title={``{A}toms {E}xist'' {I}s {P}robably {T}rue, and {O}ther {F}acts {T}hat {S}hould {N}ot {C}omfort {S}cientific {R}ealists},
  author={{S}tanford, {P}. {K}yle},
  journal={Journal of Philosophy},
  volume={112},
  number={8},
  pages={397--416},
  year={2015b},
}

@article{Stein1989,
  title={{Y}es, but...{S}ome {S}keptical {R}emarks on {R}ealism and {A}nti-realism},
  author={Stein, Howard},
  journal={Dialectica},
  pages={47--65},
  year={1989},
}

@incollection{Fine1984a,
  title={{T}he {N}atural {O}ntological {A}ttitude},
  author={Fine, Arthur},
  booktitle={{T}he {P}hilosophy of {S}cience},
  year={1984a},
  pages={21--44},
}

@article{Fine1984b,
  title={{A}nd {N}ot {A}nti-{R}ealism {E}ither},
  author={Fine, Arthur},
  journal={No{\^u}s},
  pages={51--65},
  year={1984b},
}

@article{Fine1986,
  title={{U}nnatural {A}ttitudes: {R}ealist and {I}nstrumentalist  {A}ttachments to {S}cience},
  author={Fine, Arthur},
  journal={Mind},
  volume={95},
  number={378},
  pages={149--179},
  year={1986},
}

@book{Braibant2011,
  title={{P}articles and {F}undamental {I}nteractions: {A}n {I}ntroduction to {P}article {P}hysics},
  author={Braibant, Sylvie and Giacomelli, Giorgio and Spurio, Maurizio},
  year={2011},
  publisher={Springer Science}
}

@article{VanFraasen1977,
  title={To {S}ave the {P}henomena},
  author={Van Fraassen, Bas C},
  journal={The Journal of Philosophy},
  volume={73},
  number={18},
  pages={623--632},
  year={1977}
}

@article{Newburgh2006,
  title={{E}instein, {P}errin, and the {R}eality of {A}toms: 1905 {R}evisited},
  author={Newburgh, Ronald and Peidle, Joseph and Rueckner, Wolfgang},
  journal={American journal of physics},
  volume={74},
  number={6},
  pages={478--481},
  year={2006},
  publisher={American Association of Physics Teachers}
}

@book{Brown1986,
  title={{H}ideki {Y}ukawa and the {M}eson {T}heory},
  author={Brown, Laurie M},
  year={1986},
  publisher={Available Online =	{\url{http://www.f.waseda.jp/sidoli/Brown_1986.pdf}}}
}

@article{MagnusCallender2004,
	author = "{M}agnus, {P}aul {D}. and {C}allender, {C}raig",
	title = "{R}ealist {E}nnui and the {B}ase {R}ate {F}allacy",
	journal = "Philosophy of Science",
	year = "2004",
	volume = "71",
	issue = "3",
	pages = "320 -- 338",
	}

@InCollection{Chakravartty2017,
	author       =	{Chakravartty, Anjan},
	title        =	{{S}cientific {R}ealism},
	booktitle    =	{The Stanford Encyclopedia of Philosophy},
	editor       =	{Edward N. Zalta},
	howpublished =	{\url{https://plato.stanford.edu/archives/sum2017/entries/scientific-realism/}},
	year         =	{2017},
}

@article{Laudan1981,
  title={A {C}onfutation of {C}onvergent {R}ealism},
  author={Laudan, Larry},
  journal={Philosophy of science},
  volume={48},
  number={1},
  pages={19--49},
  year={1981},
}

@article{Kuhn1974,
  title={{O}bjectivity, {V}alue {J}udgment and {T}heory {C}hoice},
  author={Thomas, Kuhn},
  journal={{T}he {E}ssential {T}ension: {S}elected {S}tudies in {T}he {S}cientific {T}radition and {C}hange},
  pages={356--367},
  year={1974}
}