@book{BergerWolpert1988,
  title={The Likelihood Principle},
  author={Berger, J.O. and Wolpert, R.L.},
  series={Institute of Mathematical Statistics. Lecture notes : monographs series},
  year={1988},
  publisher={Institute of Mathematical Statistics}
}

@article{Birnbaum1977,
  title={The Neyman-Pearson Theory as Decision Theory, and as Inference Theory; with a Criticism of the Lindley-Savage Argument for Bayesian Theory},
  author={Birnbaum, Allan},
  journal={Synthese},
  pages={19--49},
  year={1977},
}

@article{Robbins1952,
  title={Some Aspects of the Sequential Design of Experiments},
  author={Robbins, Herbert},
  journal={Bulletin of the American Mathematical Society},
  volume={58},
  number={5},
  pages={527--535},
  year={1952},
  publisher={American Mathematical Society},
}

@article{Fletcher2019,
  title={Stopping Rules as Experimental Design},
  author={Fletcher, Samuel C},
  journal={European Journal for Philosophy of Science},
  volume={9},
  number={2},
  pages={1--20},
  year={2019},
}

@book{Mayo2018,
  title={Statistical Inference as Severe Testing},
  author={Mayo, Deborah G.},
  year={2018},
  publisher={Cambridge: Cambridge University Press}
}

@book{OHaganForster2004,
  title={Kendall's Advanced Theory of Statistics, volume 2B: Bayesian Inference},
  author={O'Hagan, Anthony and Forster, Jonathan J},
  volume={2},
  year={2004},
  publisher={Arnold}
}

@book{RaiffaSchlaifer1961,
title = {Applied Statistical Decision Theory},
author = {Raiffa, H. and Schlaifer, R.},
year = {1961},  
publisher = {Division of Research, Graduate School of Business Administration Harvard University},
}


@article{Basu1975,
  title={Statistical Information and Likelihood [with discussion]},
  author={Basu, Debabrata},
  journal={Sankhy{\=a}: The Indian Journal of Statistics, Series A},
  pages={1--71},
  year={1975},
}

@article{Barnard1982,
  title={Memorial Article: Allan Birnbaum 1923-1976},
  author={Barnard, G. and Godambe, V.},
  journal={The Annals of Statistics},
  volume={10},
  number={4},
  pages={1033--1039},
  year={1982},
}


@inproceedings{Savage1961,
  title={The Foundations of Statistics Reconsidered},
  author={Savage, Leonard J},
  booktitle={Proceedings of the Fourth Berkeley Symposium on Mathematical Statistics and Probability, Volume 1: Contributions to the Theory of Statistics},
  pages={575--586},
  year={1961},
  organization={University of California Press},
}

@book{Savage1962b,
  title={The Foundations of Statistical Inference: A Discussion},
  author={Barnard, George Alfred and Cox, David Roxbee},
  year={1962},
  publisher={Methuen}
}


